@misc{liagouris_cs351,
  author       = {Ioannis Liagouris},
  title        = {CS351: Distributed Systems},
  year         = {2025},
  howpublished = {Lecture notes, Boston University, Spring Semester},
  note         = {Boston University, CS Department}
}
